<?xml version="1.0" encoding="UTF-8"?><collection xmlns="http://www.loc.gov/MARC21/slim"><record><leader>00407nam--2200133-i-4500</leader><controlfield tag="001">000009508</controlfield><controlfield tag="002">20161230</controlfield><controlfield tag="005">20161230201028</controlfield><controlfield tag="008">060222s1000------------r-----000-0-eng-d</controlfield><datafield ind1=" " ind2=" " tag="080"><subfield code="a">52</subfield></datafield><datafield ind1=" " ind2=" " tag="100"><subfield code="a">Andonie, George St</subfield></datafield><datafield ind1=" " ind2=" " tag="245"><subfield code="a">Istoria matematicilor aplicate clasice din romania (mecanica si astronomie)</subfield></datafield><datafield ind1=" " ind2=" " tag="260"><subfield code="a">Bucuresti, Editura Academiei Republicii So- Cialiaste Romania, 1971 639 P</subfield></datafield><datafield ind1=" " ind2=" " tag="852"><subfield code="a">34191</subfield></datafield></record></collection>